@online{pddatatypejson,
  author={{PostgreSQL Global Development Group}},
  org-short={PGDG},
  title={{JSON Types}},
  url={https://www.postgresql.org/docs/11/datatype-json.html},
  year={2018},
  urldate={2018-11-25}
}

@online{pdfunctionjson,
  author={{PostgreSQL Global Development Group}},
  org-short={PGDG},
  title={{JSON Functions and Operators}},
  url={https://www.postgresql.org/docs/current/functions-json.html},
  year={2018},
  urldate={2018-11-26}
}

@online{halliday2018,
  author={Leigh Halliday},
  title={Unleash the power of storing {JSON} in {Postgres}},
  url={https://blog.codeship.com/unleash-the-power-of-storing-json-in-postgres/},
  year={2018},
  urldate={2018-11-25}
}

@online{ptwjson,
  author={{PostgreSQL Tutorial Website}},
  org-short={PTW},
  title={{PostgreSQL JSON}},
  url={http://www.postgresqltutorial.com/postgresql-json/},
  year={2018}
}

@online{smith16,
  author={Gordon Smith},
  title={Why you should store {JSON} in your relational schema},
  url={https://blogs.oracle.com/newgendbaccess/why-you-should-store-json-in-your-relational-schema},
  year={2016},
  urldate={2018-11-25}
}

@online{huchet17,
  author={RaphaÃ«l Huchet},
  title={How to query JSONB, beginner sheet cheat},
  url={https://hackernoon.com/how-to-query-jsonb-beginner-sheet-cheat-4da3aa5082a3},
  year={2017},
  urldate={2018-11-25}
}
